/Users/adityarotti/Documents/Work/Mendeley/bibliography/Projects-Moment methods for foreground modelling.bib